@misc{wiki_canny,
	title        = {\href{https://en.wikipedia.org/wiki/Canny_edge_detector}{Canny edge detector}},
	note         = {Article Wikipedia},
	year         = {2017},
}